%%% CHAPTER 1
@book{griffiths,
      author        = "Griffiths, David J",
      title         = "{Introduction to elementary particles; 2nd rev. version}",
      publisher     = "Wiley",
      address       = "New York, NY",
      series        = "Physics textbook",
      year          = "2008",
      url           = "https://cds.cern.ch/record/111880",
}

@book{thomson,
      author         = "Thomson, Mark",
      title          = "{Modern particle physics}",
      publisher      = "Cambridge University Press",
      address        = "New York",
      year           = "2013",
      url            = "http://www-spires.fnal.gov/spires/find/books/www?cl=QC793.2.T46::2013",
      ISBN           = "9781107034266",
      SLACcitation   = "%%CITATION = INSPIRE-1326857;%%"
}

@book{schwartz,
      author         = "Schwartz, Matthew D.",
      title          = "{Quantum Field Theory and the Standard Model}",
      publisher      = "Cambridge University Press",
      year           = "2014",
      url            = "http://www.cambridge.org/us/academic/subjects/physics/theoretical-physics-and-mathematical-physics/quantum-field-theory-and-standard-model",
      ISBN           = "1107034736, 9781107034730",
      SLACcitation   = "%%CITATION = INSPIRE-1276589;%%"
}

@book{srednicki,
      author        = "Srednicki, Mark",
      title         = "{Quantum Field Theory}",
      publisher     = "Cambridge Univ. Press",
      address       = "Cambridge",
      year          = "2007",
      url           = "https://cds.cern.ch/record/1019751",
}

@book{peskin,
      author         = "Peskin, Michael E. and Schroeder, Daniel V.",
      title          = "{An Introduction to quantum field theory}",
      publisher      = "Addison-Wesley",
      address        = "Reading, USA",
      year           = "1995",
      url            = "http://www.slac.stanford.edu/~mpeskin/QFT.html",
      ISBN           = "9780201503975, 0201503972",
      SLACcitation   = "%%CITATION = INSPIRE-407703;%%"
}

@article{pdg,
  title = {Review of Particle Physics},
  author = {Tanabashi, M. et al},
  collaboration = {Particle Data Group},
  journal = {Phys. Rev. D},
  volume = {98},
  issue = {3},
  pages = {030001},
  numpages = {1898},
  year = {2018},
  month = {Aug},
  publisher = {American Physical Society},
  doi = {10.1103/PhysRevD.98.030001},
  url = {https://link.aps.org/doi/10.1103/PhysRevD.98.030001}
}

@misc{sm_summary_plots,
    title = "Summary Plots from the ATLAS Standard Model Group",
    author = "The ATLAS Collaboration",
    howpublished= {\url{https://atlas.web.cern.ch/Atlas/GROUPS/PHYSICS/CombinedSummaryPlots/SM/}}
}

@inproceedings{dm_summary,
      author         = "Raffelt, G. G.",
      title          = "{Dark matter: Motivation, candidates and searches}",
      booktitle      = "{1997 European School of High-energy physics, Menstrup,
                        Denmark, 25 May-7 Jun, 1997: Proceedings}",
      year           = "1997",
      pages          = "235-278",
      eprint         = "hep-ph/9712538",
      archivePrefix  = "arXiv",
      primaryClass   = "hep-ph",
      SLACcitation   = "%%CITATION = HEP-PH/9712538;%%"
}

@article{de_summary,
author = {Copeland, Edmund J. and others},
journal = {International Journal of Modern Physics D},
volume = {15},
number = {11},
pages = {1753-1935},
year = {2006},
doi = {10.1142/S021827180600942X},
URL = { 
        https://doi.org/10.1142/S021827180600942X},
eprint = { 
        https://doi.org/10.1142/S021827180600942X}
}

@article{bsm_hllhc,
      author         = "RÃ¼hr, Frederik",
      title          = "{Prospects for BSM searches at the high-luminosity LHC
                        with the ATLAS detector}",
      booktitle      = "{Proceedings, 37th International Conference on High
                        Energy Physics (ICHEP 2014): Valencia, Spain, July 2-9,
                        2014}",
      collaboration  = "ATLAS",
      journal        = "Nucl. Part. Phys. Proc.",
      volume         = "273-275",
      year           = "2016",
      pages          = "625-630",
      doi            = "10.1016/j.nuclphysbps.2015.09.094",
      SLACcitation   = "%%CITATION = INSPIRE-1467901;%%"
}

@article{fundamental_interactions,
      author         = "Schwinger, Julian S.",
      title          = "{A Theory of the Fundamental Interactions}",
      journal        = "Annals Phys.",
      volume         = "2",
      year           = "1957",
      pages          = "407-434",
      doi            = "10.1016/0003-4916(57)90015-5",
      SLACcitation   = "%%CITATION = APNYA,2,407;%%"
}

@article{cpt,
      author         = "Greaves, Hilary and Thomas, Teruji",
      title          = "{On the CPT theorem}",
      journal        = "Stud. Hist. Phil. Sci.",
      volume         = "B45",
      year           = "2014",
      pages          = "46-65",
      doi            = "10.1016/j.shpsb.2013.10.001",
      eprint         = "1204.4674",
      archivePrefix  = "arXiv",
      primaryClass   = "math-ph",
      SLACcitation   = "%%CITATION = ARXIV:1204.4674;%%"
}

@article{confinement,
      author         = "Suganuma, H. and Sasaki, S. and Toki, H.",
      title          = "{Color confinement, quark pair creation and dynamical
                        chiral symmetry breaking in the dual Ginzburg-Landau
                        theory}",
      journal        = "Nucl. Phys.",
      volume         = "B435",
      year           = "1995",
      pages          = "207-240",
      doi            = "10.1016/0550-3213(94)00392-R",
      eprint         = "hep-ph/9312350",
      archivePrefix  = "arXiv",
      primaryClass   = "hep-ph",
      reportNumber   = "RIKEN-AF-NP-164",
      SLACcitation   = "%%CITATION = HEP-PH/9312350;%%"
}

@article{neutrino_species,
      author         = "Decamp, D. and others",
      title          = "{Determination of the Number of Light Neutrino Species}",
      collaboration  = "ALEPH",
      journal        = "Phys. Lett.",
      volume         = "B231",
      year           = "1989",
      pages          = "519-529",
      doi            = "10.1016/0370-2693(89)90704-1",
      reportNumber   = "CERN EP 89-132",
      SLACcitation   = "%%CITATION = PHLTA,B231,519;%%"
}

@article{unification,
	doi = {10.1088/0031-8949/20/2/015},
	url = {https://doi.org/10.1088%2F0031-8949%2F20%2F2%2F015},
	year = 1979,
	month = {aug},
	publisher = {{IOP} Publishing},
	volume = {20},
	number = {2},
	pages = {216--226},
	author = {Abdus Salam},
	title = {The Electroweak Force, Grand Unification and Superunification},
	journal = {Physica Scripta},
}

@article{higgs_disc_atlas,
      author         = "Aad, Georges and others",
      title          = "{Observation of a new particle in the search for the
                        Standard Model Higgs boson with the ATLAS detector at the
                        LHC}",
      collaboration  = "ATLAS",
      journal        = "Phys. Lett.",
      volume         = "B716",
      year           = "2012",
      pages          = "1-29",
      doi            = "10.1016/j.physletb.2012.08.020",
      eprint         = "1207.7214",
      archivePrefix  = "arXiv",
      primaryClass   = "hep-ex",
      reportNumber   = "CERN-PH-EP-2012-218",
      SLACcitation   = "%%CITATION = ARXIV:1207.7214;%%"
}

@article{higgs_disc_cms,
      author         = "Chatrchyan, Serguei and others",
      title          = "{Observation of a new boson at a mass of 125 GeV with the
                        CMS experiment at the LHC}",
      collaboration  = "CMS",
      journal        = "Phys. Lett.",
      volume         = "B716",
      year           = "2012",
      pages          = "30-61",
      doi            = "10.1016/j.physletb.2012.08.021",
      eprint         = "1207.7235",
      archivePrefix  = "arXiv",
      primaryClass   = "hep-ex",
      reportNumber   = "CMS-HIG-12-028, CERN-PH-EP-2012-220",
      SLACcitation   = "%%CITATION = ARXIV:1207.7235;%%"
}

@article{higgs_higgs,
  title = {Broken Symmetries and the Masses of Gauge Bosons},
  author = {Higgs, Peter W.},
  journal = {Phys. Rev. Lett.},
  volume = {13},
  issue = {16},
  pages = {508--509},
  numpages = {0},
  year = {1964},
  month = {Oct},
  publisher = {American Physical Society},
  doi = {10.1103/PhysRevLett.13.508},
  url = {https://link.aps.org/doi/10.1103/PhysRevLett.13.508}
}

@article{higgs_brout,
  title = {Broken Symmetry and the Mass of Gauge Vector Mesons},
  author = {Englert, F. and Brout, R.},
  journal = {Phys. Rev. Lett.},
  volume = {13},
  issue = {9},
  pages = {321--323},
  numpages = {0},
  year = {1964},
  month = {Aug},
  publisher = {American Physical Society},
  doi = {10.1103/PhysRevLett.13.321},
  url = {https://link.aps.org/doi/10.1103/PhysRevLett.13.321}
}

@article{higgs_guralnik,
  title = {Global Conservation Laws and Massless Particles},
  author = {Guralnik, G. S. and Hagen, C. R. and Kibble, T. W. B.},
  journal = {Phys. Rev. Lett.},
  volume = {13},
  issue = {20},
  pages = {585--587},
  numpages = {0},
  year = {1964},
  month = {Nov},
  publisher = {American Physical Society},
  doi = {10.1103/PhysRevLett.13.585},
  url = {https://link.aps.org/doi/10.1103/PhysRevLett.13.585}
}

@article{higgs_physics_notes,
      author        = "Ellis, John",
      title         = "{Higgs Physics}",
      number        = "arXiv:1312.5672. KCL-PH-TH-2013-49. LCTS-2013-36.
                       CERN-PH-TH-2013-315",
      pages         = "117-168. 52 p",
      month         = "Dec",
      year          = "2013",
      reportNumber  = "arXiv:1312.5672",
      url           = "http://cds.cern.ch/record/1638469",
      note          = "52 pages, 45 figures, Lectures presented at the ESHEP 2013
                       School of High-Energy Physics, to appear as part of the
                       proceedings in a CERN Yellow Report",
      doi           = "10.5170/CERN-2015-004.117",
}

@article{higgs_prod_fig,
author = {Mellado, Bruce},
year = {2009},
month = {01},
pages = {15-22},
title = {Prospects for Higgs boson searches at the Large Hadron Collider},
volume = {72},
journal = {Pramana},
doi = {10.1007/s12043-009-0002-2}
}

@article{tth,
      author         = "The ATLAS Collaboration",
      title          = "{Observation of Higgs boson production in association
                        with a top quark pair at the LHC with the ATLAS detector}",
      collaboration  = "ATLAS",
      journal        = "Phys. Lett.",
      volume         = "B784",
      year           = "2018",
      pages          = "173-191",
      doi            = "10.1016/j.physletb.2018.07.035",
      eprint         = "1806.00425",
      archivePrefix  = "arXiv",
      primaryClass   = "hep-ex",
      reportNumber   = "CERN-EP-2018-138",
      SLACcitation   = "%%CITATION = ARXIV:1806.00425;%%"
}

@article{higgs_bbar,
      author         = "The ATLAS Collaboration",
      title          = "{Observation of $H \rightarrow b\bar{b}$ decays and $VH$
                        production with the ATLAS detector}",
      collaboration  = "ATLAS",
      journal        = "Phys. Lett.",
      volume         = "B786",
      year           = "2018",
      pages          = "59-86",
      doi            = "10.1016/j.physletb.2018.09.013",
      eprint         = "1808.08238",
      archivePrefix  = "arXiv",
      primaryClass   = "hep-ex",
      reportNumber   = "CERN-EP-2018-215",
      SLACcitation   = "%%CITATION = ARXIV:1808.08238;%%"
}

@article{higgs_ccbar,
      author         = "Aaboud, M. and others",
      title          = "{Search for the Decay of the Higgs Boson to Charm Quarks
                        with the ATLAS Experiment}",
      collaboration  = "ATLAS",
      journal        = "Phys. Rev. Lett.",
      volume         = "120",
      year           = "2018",
      number         = "21",
      pages          = "211802",
      doi            = "10.1103/PhysRevLett.120.211802",
      eprint         = "1802.04329",
      archivePrefix  = "arXiv",
      primaryClass   = "hep-ex",
      reportNumber   = "CERN-EP-2017-334",
      SLACcitation   = "%%CITATION = ARXIV:1802.04329;%%"
}

@techreport{higgs_tautau,
      title         = "{Cross-section measurements of the Higgs boson decaying to a pair of tau leptons in proton--proton collisions at
                       $\sqrt{s}=13$ TeV with the ATLAS detector}",
      institution   = "CERN",
      collaboration = "ATLAS Collaboration",
      address       = "Geneva",
      number        = "ATLAS-CONF-2018-021",
      month         = "Jun",
      year          = "2018",
      reportNumber  = "ATLAS-CONF-2018-021",
      url           = "http://cds.cern.ch/record/2621794",
}

@article{higgs_hllhc,
      author         = "Cepeda, M. and others",
      title          = "{Higgs Physics at the HL-LHC and HE-LHC}",
      collaboration  = "Physics of the HL-LHC Working Group",
      year           = "2019",
      eprint         = "1902.00134",
      archivePrefix  = "arXiv",
      primaryClass   = "hep-ph",
      reportNumber   = "CERN-LPCC-2018-04",
      SLACcitation   = "%%CITATION = ARXIV:1902.00134;%%"
}

@article{higgs_ww1,
      author         = "The ATLAS Collaboration",
      title          = "{Observation and measurement of Higgs boson decays to
                        WW$^*$ with the ATLAS detector}",
      collaboration  = "ATLAS",
      journal        = "Phys. Rev.",
      volume         = "D92",
      year           = "2015",
      number         = "1",
      pages          = "012006",
      doi            = "10.1103/PhysRevD.92.012006",
      eprint         = "1412.2641",
      archivePrefix  = "arXiv",
      primaryClass   = "hep-ex",
      reportNumber   = "CERN-PH-EP-2014-270",
      SLACcitation   = "%%CITATION = ARXIV:1412.2641;%%"
}

@inproceedings{vh_ww,
      author         = "PanduroviÄ, Mila",
      title          = "{Measurement of Higgs decay to WW* in Higgsstrahlung at
                        $\sqrt{s}$=500 GeV ILC and in WW-fusion at $\sqrt{s}$=3
                        TeV CLIC}",
      booktitle      = "{Proceedings, International Workshop on Future Linear
                        Colliders 2016 (LCWS2016): Morioka, Iwate, Japan, December
                        05-09, 2016}",
      collaboration  = "CLICdp, ILC Physics and Detector Study",
      year           = "2017",
      eprint         = "1703.08871",
      archivePrefix  = "arXiv",
      primaryClass   = "hep-ex",
      reportNumber   = "CLICdp-Conf-2017-007",
      SLACcitation   = "%%CITATION = ARXIV:1703.08871;%%"
}

@article{higgs_zgam,
      author         = "The ATLAS Collaboration",
      title          = "{Searches for the $Z\gamma$ decay mode of the Higgs boson
                        and for new high-mass resonances in $pp$ collisions at
                        $\sqrt{s} = 13$ TeV with the ATLAS detector}",
      collaboration  = "ATLAS",
      journal        = "JHEP",
      volume         = "10",
      year           = "2017",
      pages          = "112",
      doi            = "10.1007/JHEP10(2017)112",
      eprint         = "1708.00212",
      archivePrefix  = "arXiv",
      primaryClass   = "hep-ex",
      reportNumber   = "CERN-EP-2017-095",
      SLACcitation   = "%%CITATION = ARXIV:1708.00212;%%"
}

@article{higgs_neutrino1,
      author         = "Deppisch, Frank F. and Liu, Wei and Mitra, Manimala",
      title          = "{Long-lived Heavy Neutrinos from Higgs Decays}",
      journal        = "JHEP",
      volume         = "08",
      year           = "2018",
      pages          = "181",
      doi            = "10.1007/JHEP08(2018)181",
      eprint         = "1804.04075",
      archivePrefix  = "arXiv",
      primaryClass   = "hep-ph",
      reportNumber   = "IP/BBSR/2018-4, IP-BBSR-2018-4",
      SLACcitation   = "%%CITATION = ARXIV:1804.04075;%%"
}

@article{higgs_neutrino2,
      author         = "Das, Arindam and Gao, Yu and Kamon, Teruki",
      title          = "{Heavy Neutrino Search via the Higgs boson at the LHC}",
      year           = "2017",
      eprint         = "1704.00881",
      archivePrefix  = "arXiv",
      primaryClass   = "hep-ph",
      reportNumber   = "WSU-HEP-1706, MI-TH-1748",
      SLACcitation   = "%%CITATION = ARXIV:1704.00881;%%"
}

%%% CHAPTER 2
@misc{history,
  author        = {Rolf Landau},
  title         = {Particle Physics - a historical overview},
  month         = {July},
  year          = {2006},
  howpublished  = {\url{https://indico.cern.ch/event/3324/}},
}

@inproceedings{intensity,
      author         = "Hewett, J. L. and others",
      title          = "{Planning the Future of U.S. Particle Physics (Snowmass
                        2013): Chapter 2: Intensity Frontier}",
      booktitle      = "{Proceedings, 2013 Community Summer Study on the Future
                        of U.S. Particle Physics: Snowmass on the Mississippi
                        (CSS2013): Minneapolis, MN, USA, July 29-August 6, 2013}",
      url            = "http://www-public.slac.stanford.edu/snowmass2013/docs/preliminarypublic10-30/IntensityFrontier-10-31.pdf",
      year           = "2014",
      eprint         = "1401.6077",
      archivePrefix  = "arXiv",
      primaryClass   = "hep-ex",
      reportNumber   = "FERMILAB-CONF-14-019-CH02, SLAC-PUB-15977",
      SLACcitation   = "%%CITATION = ARXIV:1401.6077;%%"
}

@inproceedings{energy,
      author         = "Brock, R. and others",
      title          = "{Planning the Future of U.S. Particle Physics (Snowmass
                        2013): Chapter 3: Energy Frontier}",
      booktitle      = "{Proceedings, 2013 Community Summer Study on the Future
                        of U.S. Particle Physics: Snowmass on the Mississippi
                        (CSS2013): Minneapolis, MN, USA, July 29-August 6, 2013}",
      url            = "http://www-public.slac.stanford.edu/snowmass2013/docs/preliminarypublic10-30/EnergyFrontier-10-30.pdf",
      year           = "2014",
      eprint         = "1401.6081",
      archivePrefix  = "arXiv",
      primaryClass   = "hep-ex",
      reportNumber   = "FERMILAB-CONF-14-019-CH03",
      SLACcitation   = "%%CITATION = ARXIV:1401.6081;%%"
}

@article{energy_colliders,
      author         = "Benedikt, Michael and Zimmermann, Frank",
      title          = "{Proton Colliders at the Energy Frontier}",
      journal        = "Nucl. Instrum. Meth.",
      volume         = "A907",
      year           = "2018",
      pages          = "200-208",
      doi            = "10.1016/j.nima.2018.03.021",
      eprint         = "1803.09723",
      archivePrefix  = "arXiv",
      primaryClass   = "physics.acc-ph",
      SLACcitation   = "%%CITATION = ARXIV:1803.09723;%%"
}

@inproceedings{prod_crosssec,
      author         = "Stirling, W. James",
      title          = "{Progress in Parton Distribution Functions and
                        implications for LHC}",
      booktitle      = "{Proceedings, 38th International Symposium on
                        Multiparticle Dynamics (ISMD 2008): Hamburg, Germany,
                        September 15-20, 2008}",
      year           = "2009",
      pages          = "46-55",
      doi            = "10.3204/DESY-PROC-2009-01/41, 10.3360/dis.2008.4",
      note           = "[,46(2008)]",
      eprint         = "0812.2341",
      archivePrefix  = "arXiv",
      primaryClass   = "hep-ph",
      reportNumber   = "CAVENDISH-HEP-08-15",
      SLACcitation   = "%%CITATION = ARXIV:0812.2341;%%"
}

@unpublished{lhc_guide,
      title         = "{LHC Guide}",
      author = "C. Lefevre",
      month         = "Mar",
      year          = "2017",
      reportNumber  = "CERN-Brochure-2017-002-Eng",
      url           = "https://cds.cern.ch/record/2255762",
}

@book{lhc_tdr,
      author        = "BrÃ¼ning, Oliver Sim and Collier, Paul and Lebrun, P and
                       Myers, Stephen and Ostojic, Ranko and Poole, John and
                       Proudlock, Paul",
      title         = "{LHC Design Report}",
      publisher     = "CERN",
      address       = "Geneva",
      series        = "CERN Yellow Reports: Monographs",
      year          = "2004",
      url           = "https://cds.cern.ch/record/782076",
}

@misc{members,
    author = {"CERN"},
    title = {"Our Member States"},
    year = "2019",
    howpublished={\url{https://home.cern/about/who-we-are/our-governance/member-states}},
}

@inproceedings{adj_commis,
      author         = "Lamont, M.",
      title          = "{LHC: Status and commissioning plans}",
      booktitle      = "{QCD and high energy interactions. Proceedings, 44th
                        Rencontres de Moriond, La Thuile, Italy, March 14-21,
                        2009}",
      year           = "2009",
      pages          = "21-26",
      eprint         = "0906.0347",
      archivePrefix  = "arXiv",
      primaryClass   = "physics.acc-ph",
      SLACcitation   = "%%CITATION = ARXIV:0906.0347;%%"
}

@misc{run2_lumi,
    author = {"The ATLAS Collaboration"},
    title = "{Public Results: Luminosity Run 2}",
    howpublished={\url{https://twiki.cern.ch/twiki/bin/view/AtlasPublic/LuminosityPublicResultsRun2}}
}

@misc{commissioning,
    author = {"The ATLAS Collaboration"},
    title = {"LHC Commissioning with Beam"},
    howpublished={\url{http://lhc-commissioning.web.cern.ch}}
}

@article{complex_pic,
      author        = "Mobs, Esma",
      title         = "{The CERN accelerator complex. Complexe des
                       accÃ©lÃ©rateurs du CERN}",
      month         = "Jul",
      year          = "2016",
      reportNumber  = "OPEN-PHO-ACCEL-2016-009",
      url           = "https://cds.cern.ch/record/2197559",
      note          = "General Photo",
}

@article{lhc_machine,
      author         = "Evans, Lyndon and Bryant, Philip",
      title          = "{LHC Machine}",
      journal        = "JINST",
      volume         = "3",
      year           = "2008",
      pages          = "S08001",
      doi            = "10.1088/1748-0221/3/08/S08001",
      SLACcitation   = "%%CITATION = JINST,3,S08001;%%"
}

@INPROCEEDINGS{hard_scattering,
   author = {{Harris}, J.~W.},
    title = "{Introduction to Hard Scattering Processes and Recent Results from Hard Probes at RHIC and LHC}",
booktitle = {Journal of Physics Conference Series},
     year = 2015,
   series = {Journal of Physics Conference Series},
   volume = 630,
    month = jul,
      eid = {012052},
    pages = {012052},
      doi = {10.1088/1742-6596/630/1/012052},
   adsurl = {http://adsabs.harvard.edu/abs/2015JPhCS.630a2052H},
  adsnote = {Provided by the SAO/NASA Astrophysics Data System}
}

@article{pileup,
      author         = "Marshall, Zachary",
      title          = "{Simulation of Pile-up in the ATLAS Experiment}",
      booktitle      = "{Proceedings, 20th International Conference on Computing
                        in High Energy and Nuclear Physics (CHEP 2013): Amsterdam,
                        The Netherlands, October 14-18, 2013}",
      collaboration  = "ATLAS",
      journal        = "J. Phys. Conf. Ser.",
      volume         = "513",
      year           = "2014",
      pages          = "022024",
      doi            = "10.1088/1742-6596/513/2/022024",
      SLACcitation   = "%%CITATION = 00462,513,022024;%%"
}

@article{detector_physics,
author = {Grupen,Claus },
title = {Physics of particle detection},
journal = {AIP Conference Proceedings},
volume = {536},
number = {1},
pages = {3-34},
year = {2000},
doi = {10.1063/1.1361756},
URL = { 
        https://aip.scitation.org/doi/abs/10.1063/1.1361756},
eprint = { 
        https://aip.scitation.org/doi/pdf/10.1063/1.1361756}
}

@book{tdr1,
      author        = "{The ATLAS Collaboration}" ,
      title         = "ATLAS detector and physics performance: Technical Design Report",
      publisher     = "CERN",
      collaboration = "ATLAS Collaboration",
      address       = "Geneva",
      series        = "Technical Design Report ATLAS",
      year          = "1999",
      reportNumber  = "CERN-LHCC-99-014",
      url           = "https://cds.cern.ch/record/391176",
}

@book{tdr2,
      author        = "{The ATLAS Collaboration}" ,
      title         = "ATLAS detector and physics performance: Technical Design Report",
      publisher     = "CERN",
      collaboration = "ATLAS Collaboration",
      address       = "Geneva",
      series        = "Technical Design Report ATLAS",
      year          = "1999",
      reportNumber  = "CERN-LHCC-99-015",
      url           = "https://cds.cern.ch/record/391177",
}

@article{atlas,
      author         = "The ATLAS Collaboration",
      title          = "{The ATLAS Experiment at the CERN Large Hadron Collider}",
      collaboration  = "ATLAS",
      journal        = "JINST",
      volume         = "3",
      year           = "2008",
      pages          = "S08003",
      doi            = "10.1088/1748-0221/3/08/S08003",
      SLACcitation   = "%%CITATION = JINST,3,S08003;%%"
}

@article{inner_detec,
      author        = "The ATLAS Collaboration",
      title         = "{Study of the material of the ATLAS inner detector for Run 2 of the LHC. }",
      journal       = "JINST",
      collaboration = "ATLAS Collaboration",
      number        = "CERN-EP-2017-081",
      volume        = "12",
      pages         = "P12009. 71 p",
      month         = "Jul",
      year          = "2017",
      reportNumber  = "CERN-EP-2017-081",
      url           = "https://cds.cern.ch/record/2273894",
}

@article{ibl,
      author         = "Hugging, F.",
      title          = "{The ATLAS Pixel Insertable B-Layer (IBL)}",
      booktitle      = "{Proceedings,  5th International Workshop on
                        Semiconductor Pixel Detectors for Particles and Imaging
                        (PIXEL 2010): Grindelwald, Switzerland, September 6-10,
                        2010}",
      collaboration  = "ATLAS",
      journal        = "Nucl. Instrum. Meth.",
      volume         = "A650",
      year           = "2011",
      pages          = "45-49",
      doi            = "10.1016/j.nima.2010.12.113",
      eprint         = "1012.2742",
      archivePrefix  = "arXiv",
      primaryClass   = "physics.ins-det",
      SLACcitation   = "%%CITATION = ARXIV:1012.2742;%%"
}

@techreport{trt,
      author        = "Vogel, A",
      title         = "{ATLAS Transition Radiation Tracker (TRT): Straw Tube
                       Gaseous Detectors at High Rates}",
      institution   = "CERN",
      address       = "Geneva",
      number        = "ATL-INDET-PROC-2013-005",
      month         = "Apr",
      year          = "2013",
      reportNumber  = "ATL-INDET-PROC-2013-005",
      url           = "https://cds.cern.ch/record/1537991",
}

@techreport{em_calo_run2,
      author        = "Morgenstern, Stefanie",
      title         = "{ATLAS LAr Calorimeter Performance in LHC Run-2}",
      institution   = "CERN",
      collaboration = "ATLAS Collaboration",
      address       = "Geneva",
      number        = "ATL-LARG-PROC-2018-004",
      month         = "Jun",
      year          = "2018",
      reportNumber  = "ATL-LARG-PROC-2018-004",
      url           = "https://cds.cern.ch/record/2627619",
}

@techreport{tilecal,
      author        = "Henriques Correia, Ana Maria",
      title         = "{The ATLAS Tile Calorimeter}",
      institution   = "CERN",
      collaboration = "for the ATLAS collaboration",
      address       = "Geneva",
      number        = "ATL-TILECAL-PROC-2015-002",
      month         = "Mar",
      year          = "2015",
      reportNumber  = "ATL-TILECAL-PROC-2015-002",
      url           = "https://cds.cern.ch/record/2004868",
}

@book{muon_tdr,
      title         = "{ATLAS muon spectrometer: Technical Design Report}",
      publisher     = "CERN",
      collaboration = "ATLAS Collaboration",
      address       = "Geneva",
      series        = "Technical Design Report ATLAS",
      year          = "1997",
      reportNumber  = "CERN-LHCC-97-022",
      url           = "https://cds.cern.ch/record/331068",
}

 @article{muon_run2,
      author        = "The ATLAS Collaboration",
      title         = "{Performance of the ATLAS muon trigger in pp collisions at $\sqrt{s}=$8 TeV.}",
      journal       = "Eur. Phys. J. C",
      collaboration = "ATLAS Collaboration",
      number        = "CERN-PH-EP-2014-154. CERN-PH-EP-2014-154",
      volume        = "C75",
      pages         = "120. 19 p",
      month         = "Aug",
      year          = "2014",
      reportNumber  = "CERN-PH-EP-2014-154",
      url           = "https://cds.cern.ch/record/1749694",
}

@article{magnet_tdr,
      title          = "{ATLAS magnet system: Technical design report}",
      collaboration  = "ATLAS",
      year           = "1997",
      reportNumber   = "CERN-LHCC-97-18",
      SLACcitation   = "%%CITATION = CERN-LHCC-97-18;%%"
}

%% CHAPTER 3
@misc{trig_web,
    author = {The ATLAS Collaboration},
    title = {"Trigger and Data Acquisition Webpage"},
    year = {2019},
    howpublished = {\url{https://atlas.cern/discover/detector/trigger-daq}}
}

@article{trig_2015,
      author         = "The ATLAS Collaboration",
      title          = "{Performance of the ATLAS Trigger System in 2015}",
      collaboration  = "ATLAS",
      journal        = "Eur. Phys. J.",
      volume         = "C77",
      year           = "2017",
      number         = "5",
      pages          = "317",
      doi            = "10.1140/epjc/s10052-017-4852-3",
      eprint         = "1611.09661",
      archivePrefix  = "arXiv",
      primaryClass   = "hep-ex",
      reportNumber   = "CERN-EP-2016-241",
      SLACcitation   = "%%CITATION = ARXIV:1611.09661;%%"
}

@techreport{trig_2017,
      title         = "{Trigger Menu in 2017}",
      institution   = "CERN",
      collaboration = "ATLAS Collaboration",
      address       = "Geneva",
      number        = "ATL-DAQ-PUB-2018-002",
      month         = "Jun",
      year          = "2018",
      reportNumber  = "ATL-DAQ-PUB-2018-002",
      url           = "https://cds.cern.ch/record/2625986",
}

@misc{trig_pub,
    author = {The ATLAS Collaboration},
    title = {"Trigger Operation Public Results"},
    year = {2019},
    howpublished = {\url{https://twiki.cern.ch/twiki/bin/view/AtlasPublic/TriggerOperationPublicResults}}
}

@misc{wlcg_web,
    author = {Worldwide LHC Computing Grid},
    title = {Worldwide LHC Computing Grid Homepage},
    howpublished = {\url{http://wlcg.web.cern.ch/}}
}

@book{grid_tdr,
      author        = "Eck, Christoph and others",
      title         = "{LHC computing Grid: Technical Design Report. Version 1.06
                       (20 Jun 2005)}",
      publisher     = "CERN",
      address       = "Geneva",
      series        = "Technical Design Report LCG",
      year          = "2005",
      reportNumber  = "CERN-LHCC-2005-024",
      url           = "http://cds.cern.ch/record/840543",
}

@misc{bnl,
    author = "De Stefano, John S. Jr.",
    title = "The US ATLAS Computing Facility",
    howpublished = {\url{https://www.racf.bnl.gov/experiments/usatlas}}
}

@misc{rucio,
    author = "Rucio Development Team",
    title = "Rucio: Scientific Data Management",
    howpublished={\url{https://rucio.cern.ch/}}
}

@techreport{rucio_run2,
      author        = "Barisits, Martin-Stefan and others",
      title         = "{The ATLAS Data Management System Rucio: Supporting LHC
                       Run-2 and beyond}",
      institution   = "CERN",
      collaboration = "ATLAS Collaboration",
      address       = "Geneva",
      number        = "ATL-SOFT-PROC-2017-064. 3",
      month         = "Nov",
      year          = "2017",
      reportNumber  = "ATL-SOFT-PROC-2017-064",
      url           = "https://cds.cern.ch/record/2291104",
}

@misc{data_flow,
    author = "Reece, Ryan and Cranmer, Kyle",
    title = "Big-Picture Flow of ATLAS Data",
    howpublished={\url{https://reece.scipp.ucsc.edu/}}
}

@article{sim_paper,
    author        = {The ATLAS Collaboration},
    title         = "{The ATLAS Simulation Infrastructure.}",
      journal       = "Eur. Phys. J. C",
      collaboration = "ATLAS Collaboration",
      number        = "arXiv:1005.4568. CERN-PH-EP-2010-044",
      volume        = "70",
      pages         = "823-874. 53 p",
      month         = "May",
      year          = "2010",
      reportNumber  = "arXiv:1005.4568",
      url           = "https://cds.cern.ch/record/1267853",
      note          = "Submitted to Eur. Phys. J. C",
}

@article{sherpa_egen,
      author         = "Gleisberg, T. and others",
      title          = "{Event generation with SHERPA 1.1}",
      journal        = "JHEP",
      volume         = "02",
      year           = "2009",
      pages          = "007",
      doi            = "10.1088/1126-6708/2009/02/007",
      eprint         = "0811.4622",
      archivePrefix  = "arXiv",
      primaryClass   = "hep-ph",
      reportNumber   = "FERMILAB-PUB-08-477-T, SLAC-PUB-13420, ZU-TH-17-08,
                        DCPT-08-138, IPPP-08-69, EDINBURGH-2008-30, MCNET-08-14",
      SLACcitation   = "%%CITATION = ARXIV:0811.4622;%%"
}

@article{pythia,
      author         = "SjÃ¶strand, TorbjÃ¶rn and others",
      title          = "{An Introduction to PYTHIA 8.2}",
      journal        = "Comput. Phys. Commun.",
      volume         = "191",
      year           = "2015",
      pages          = "159-177",
      doi            = "10.1016/j.cpc.2015.01.024",
      eprint         = "1410.3012",
      archivePrefix  = "arXiv",
      primaryClass   = "hep-ph",
      reportNumber   = "LU-TP-14-36, MCNET-14-22, CERN-PH-TH-2014-190,
                        FERMILAB-PUB-14-316-CD, DESY-14-178, SLAC-PUB-16122",
      SLACcitation   = "%%CITATION = ARXIV:1410.3012;%%"
}

@article{herwig,
      author         = "Bahr, M. and others",
      title          = "{Herwig++ Physics and Manual}",
      journal        = "Eur. Phys. J.",
      volume         = "C58",
      year           = "2008",
      pages          = "639-707",
      doi            = "10.1140/epjc/s10052-008-0798-9",
      eprint         = "0803.0883",
      archivePrefix  = "arXiv",
      primaryClass   = "hep-ph",
      reportNumber   = "CERN-PH-TH-2008-038, CAVENDISH-HEP-08-03, KA-TP-05-2008,
                        DCPT-08-22, IPPP-08-11, CP3-08-05",
      SLACcitation   = "%%CITATION = ARXIV:0803.0883;%%"
}

@article{madgraph,
      author         = "Alwall, Johan and others",
      title          = "{MadGraph 5 : Going Beyond}",
      journal        = "JHEP",
      volume         = "06",
      year           = "2011",
      pages          = "128",
      doi            = "10.1007/JHEP06(2011)128",
      eprint         = "1106.0522",
      archivePrefix  = "arXiv",
      primaryClass   = "hep-ph",
      reportNumber   = "FERMILAB-PUB-11-448-T",
      SLACcitation   = "%%CITATION = ARXIV:1106.0522;%%"
}

@misc{hepmc,
    author = "HepMC Collaboration",
    title = "HepMC3 Event Record Library",
    howpublished={\url{http://hepmc.web.cern.ch/hepmc/}}
}

@article{tauola,
      author         = "Jadach, Stanislaw and Kuhn, Johann H. and Was, Zbigniew",
      title          = "{TAUOLA: A Library of Monte Carlo programs to simulate
                        decays of polarized tau leptons}",
      journal        = "Comput. Phys. Commun.",
      volume         = "64",
      year           = "1990",
      pages          = "275-299",
      doi            = "10.1016/0010-4655(91)90038-M",
      reportNumber   = "CERN-TH-5856-90",
      SLACcitation   = "%%CITATION = CPHCB,64,275;%%"
}

@article{evtgen,
      author         = "Lange, D. J.",
      title          = "{The EvtGen particle decay simulation package}",
      booktitle      = "{Proceedings, 7th International Conference on B physics
                        at hadron machines (BEAUTY 2000): Maagan, Israel,
                        September 13-18, 2000}",
      journal        = "Nucl. Instrum. Meth.",
      volume         = "A462",
      year           = "2001",
      pages          = "152-155",
      doi            = "10.1016/S0168-9002(01)00089-4",
      SLACcitation   = "%%CITATION = NUIMA,A462,152;%%"
}

@article{alpgen,
      author         = "Mangano, Michelangelo L. and Moretti, Mauro and
                        Piccinini, Fulvio and Pittau, Roberto and Polosa, Antonio
                        D.",
      title          = "{ALPGEN, a generator for hard multiparton processes in
                        hadronic collisions}",
      journal        = "JHEP",
      volume         = "07",
      year           = "2003",
      pages          = "001",
      doi            = "10.1088/1126-6708/2003/07/001",
      eprint         = "hep-ph/0206293",
      archivePrefix  = "arXiv",
      primaryClass   = "hep-ph",
      reportNumber   = "CERN-TH-2002-129, FTN-T-2002-06",
      SLACcitation   = "%%CITATION = HEP-PH/0206293;%%"
}

@article{mcnlo,
      author         = "Frixione, Stefano and Nason, Paolo and Webber, Bryan R.",
      title          = "{Matching NLO QCD and parton showers in heavy flavor
                        production}",
      journal        = "JHEP",
      volume         = "08",
      year           = "2003",
      pages          = "007",
      doi            = "10.1088/1126-6708/2003/08/007",
      eprint         = "hep-ph/0305252",
      archivePrefix  = "arXiv",
      primaryClass   = "hep-ph",
      reportNumber   = "BICOCCA-FT-03-11, CAVENDISH-HEP-03-03, CERN-TH-2003-102,
                        GEF-TH-5-2003",
      SLACcitation   = "%%CITATION = HEP-PH/0305252;%%"
}

@article{acermc,
      author         = "Kersevan, Borut Paul and Richter-Was, Elzbieta",
      title          = "{The Monte Carlo event generator AcerMC versions 2.0 to
                        3.8 with interfaces to PYTHIA 6.4, HERWIG 6.5 and ARIADNE
                        4.1}",
      journal        = "Comput. Phys. Commun.",
      volume         = "184",
      year           = "2013",
      pages          = "919-985",
      doi            = "10.1016/j.cpc.2012.10.032",
      eprint         = "hep-ph/0405247",
      archivePrefix  = "arXiv",
      primaryClass   = "hep-ph",
      reportNumber   = "TPJU-6-2004",
      SLACcitation   = "%%CITATION = HEP-PH/0405247;%%"
}

@article{geant4,
      author         = "Agostinelli, S. and others",
      title          = "{GEANT4: A Simulation toolkit}",
      collaboration  = "GEANT4",
      journal        = "Nucl. Instrum. Meth.",
      volume         = "A506",
      year           = "2003",
      pages          = "250-303",
      doi            = "10.1016/S0168-9002(03)01368-8",
      reportNumber   = "SLAC-PUB-9350, FERMILAB-PUB-03-339",
      SLACcitation   = "%%CITATION = NUIMA,A506,250;%%"
}

@article{atlas_sim,
      author         = "Costanzo, D. and Dell'Acqua, A. and Di Simone, A and
                        Gallas, M. and Nairz, A. and Rimoldi, A. and Boudreau, J.
                        and TSulaia, V.",
      title          = "{ATLAS detector simulation}",
      year           = "2005",
      reportNumber   = "ATL-SOFT-PUB-2005-004, CERN-ATL-SOFT-PUB-2005-004,
                        ATL-COM-SOFT-2005-008",
      SLACcitation   = "%%CITATION = ATL-SOFT-PUB-2005-004;%%"
}

@inproceedings{g4_sim,
      author         = "Barberio, E. and others",
      title          = "{The Geant4-Based ATLAS Fast Electromagnetic Shower
                        Simulation}",
      booktitle      = "{Astroparticle, particle and space physics, detectors and
                        medical physics applications. Proceedings, 10th
                        Conference, ICATPP 2007, Como, Italy, October 8-12, 2007}",
      year           = "2008",
      url            = "http://cdsweb.cern.ch/record/1064665/files/soft-conf-2007-002.pdf",
      pages          = "802-806",
      doi            = "10.1142/9789812819093_0133",
      reportNumber   = "ATL-SOFT-CONF-2007-002, ATL-COM-SOFT-2007-014",
      SLACcitation   = "%%CITATION = ATL-SOFT-CONF-2007-002;%%"
}

@article{fatras,
      author         = "Edmonds, K. and others",
      title          = "{The fast ATLAS track simulation (FATRAS)}",
      year           = "2008",
      reportNumber   = "ATL-SOFT-PUB-2008-001, ATL-COM-SOFT-2008-002",
      SLACcitation   = "%%CITATION = ATL-SOFT-PUB-2008-001;%%"
}

@techreport{fastcalo,
      author        = "The ATLAS Collaboration and others",
      title         = "{The simulation principle and performance of the ATLAS
                       fast calorimeter simulation FastCaloSim}",
      institution   = "CERN",
      address       = "Geneva",
      number        = "ATL-PHYS-PUB-2010-013",
      month         = "Oct",
      year          = "2010",
      reportNumber  = "ATL-PHYS-PUB-2010-013",
      url           = "https://cds.cern.ch/record/1300517",
}

@article{track_run1,
	doi = {10.1088/1748-0221/8/02/c02035},
	url = {https://doi.org/10.1088%2F1748-0221%2F8%2F02%2Fc02035},
	year = 2013,
	month = {feb},
	publisher = {{IOP} Publishing},
	volume = {8},
	number = {02},
	pages = {C02035--C02035},
	author = {V Lacuesta},
	title = {Track and vertex reconstruction in the {ATLAS} experiment},
	journal = {Journal of Instrumentation},
	abstract = {The track and vertex reconstruction algorithms of the ATLAS Inner Detector have demonstrated excellent performance in the early data from the LHC. However, the rapidly increasing number of interactions per bunch crossing introduces new challenges both in computational aspects and physics performance. The combination of both silicon and gas based detectors provides high precision impact parameter and momentum measurement of charged particles, with high efficiency and small fake rate. Vertex reconstruction is used to identify with high efficiency the hard scattering process and to measure the amount of pile-up interactions, both aspects are crucial for many physics analyses. The performance of track and vertex reconstruction efficiency and resolution achieved in the 2011 and 2012 data-taking period are presented.}
}

@article{track_run2,
      author         = {The ATLAS Collaboration},
      title          = {Performance of the ATLAS Track Reconstruction Algorithms in Dense Environments in LHC Run 2},
      collaboration  = "ATLAS",
      journal        = "Eur. Phys. J.",
      volume         = "C77",
      year           = "2017",
      number         = "10",
      pages          = "673",
      doi            = "10.1140/epjc/s10052-017-5225-7",
      eprint         = "1704.07983",
      archivePrefix  = "arXiv",
      primaryClass   = "hep-ex",
      reportNumber   = "CERN-EP-2017-045",
      SLACcitation   = "%%CITATION = ARXIV:1704.07983;%%"
}

@article{tracking_improvements,
	doi = {10.1088/1742-6596/664/7/072034},
	url = {https://doi.org/10.1088%2F1742-6596%2F664%2F7%2F072034},
	year = 2015,
	month = {dec},
	publisher = {{IOP} Publishing},
	volume = {664},
	number = {7},
	pages = {072034},
	author = {Jovan Mitrevski},
	title = {Preparing {ATLAS} reconstruction software for {LHC}{\textquotesingle}s Run 2},
	journal = {Journal of Physics: Conference Series},
	abstract = {In order to maximize the physics potential of the ATLAS experiment during LHC's Run 2, the reconstruction software has been updated. Flat computing budgets required a factor of three improved execution time, while the new xAOD data format forced changes in the reconstruction algorithms. Physics performance was also made better. This paper presents an overview of the improvements made to the reconstruction software during the long shutdown of the LHC.}
}

@article{kalman,
      author         = "Fruhwirth, R.",
      title          = "{Application of Kalman filtering to track and vertex
                        fitting}",
      journal        = "Nucl. Instrum. Meth.",
      volume         = "A262",
      year           = "1987",
      pages          = "444-450",
      doi            = "10.1016/0168-9002(87)90887-4",
      reportNumber   = "HEPHY-PUB-87-503",
      SLACcitation   = "%%CITATION = NUIMA,A262,444;%%"
}

@techreport{vertex,
      title         = "{Performance of the ATLAS Inner Detector Track and Vertex
                       Reconstruction in the High Pile-Up LHC Environment}",
      institution   = "CERN",
      collaboration = "ATLAS Collaboration",
      address       = "Geneva",
      number        = "ATLAS-CONF-2012-042",
      month         = "Mar",
      year          = "2012",
      reportNumber  = "ATLAS-CONF-2012-042",
      url           = "http://cds.cern.ch/record/1435196",
}

@misc{vertex_pub,
    author = {The ATLAS Collaboration},
    title = {Vertex Performance in 2018 Data},
    howpublished={\url{https://atlas.web.cern.ch/Atlas/GROUPS/PHYSICS/PLOTS/IDTR-2018-006/}}
}

@techreport{calo_clustering,
      author        = "Lampl, W and others",
      title         = "{Calorimeter Clustering Algorithms: Description and
                       Performance}",
      institution   = "CERN",
      address       = "Geneva",
      number        = "ATL-LARG-PUB-2008-002. ATL-COM-LARG-2008-003",
      month         = "Apr",
      year          = "2008",
      reportNumber  = "ATL-LARG-PUB-2008-002",
      url           = "https://cds.cern.ch/record/1099735",
}

@article{topo_clustering,
      author         = "The ATLAS Collaboration",
      title          = "{Topological cell clustering in the ATLAS calorimeters
                        and its performance in LHC Run 1}",
      collaboration  = "ATLAS",
      journal        = "Eur. Phys. J.",
      volume         = "C77",
      year           = "2017",
      pages          = "490",
      doi            = "10.1140/epjc/s10052-017-5004-5",
      eprint         = "1603.02934",
      archivePrefix  = "arXiv",
      primaryClass   = "hep-ex",
      reportNumber   = "CERN-PH-EP-2015-304",
      SLACcitation   = "%%CITATION = ARXIV:1603.02934;%%"
}

@article{egam_calib,
      author         = "The ATLAS Collaboration",
      title          = "{Electron and photon energy calibration with the ATLAS
                        detector using 2015â2016 LHC proton-proton collision
                        data}",
      collaboration  = "ATLAS",
      journal        = "JINST",
      volume         = "14",
      year           = "2019",
      number         = "03",
      pages          = "P03017",
      doi            = "10.1088/1748-0221/14/03/P03017",
      eprint         = "1812.03848",
      archivePrefix  = "arXiv",
      primaryClass   = "hep-ex",
      reportNumber   = "CERN-EP-2018-296",
      SLACcitation   = "%%CITATION = ARXIV:1812.03848;%%"
}

@article{had_calib,
	doi = {10.1088/1742-6596/587/1/012009},
	url = {https://doi.org/10.1088%2F1742-6596%2F587%2F1%2F012009},
	year = 2015,
	month = {feb},
	publisher = {{IOP} Publishing},
	volume = {587},
	pages = {012009},
	author = {The ATLAS Collaboration},
	title = {Calibration of the Tile Hadronic Calorimeter of {ATLAS} at {LHC}},
	journal = {Journal of Physics: Conference Series},
}

@article{higgs_paper,
      author         = "The ATLAS Collaboration",
      title          = "{Observation of a new particle in the search for the
                        Standard Model Higgs boson with the ATLAS detector at the
                        LHC}",
      collaboration  = "ATLAS",
      journal        = "Phys. Lett.",
      volume         = "B716",
      year           = "2012",
      pages          = "1-29",
      doi            = "10.1016/j.physletb.2012.08.020",
      eprint         = "1207.7214",
      archivePrefix  = "arXiv",
      primaryClass   = "hep-ex",
      reportNumber   = "CERN-PH-EP-2012-218",
      SLACcitation   = "%%CITATION = ARXIV:1207.7214;%%"
}

@article{zz_paper,
      author         = "The ATLAS Collaboration",
      title          = "{Measurement of the $ZZ$ Production Cross Section in $pp$
                        Collisions at $\sqrt{s}$ = 13 TeV with the ATLAS
                        Detector}",
      collaboration  = "ATLAS",
      journal        = "Phys. Rev. Lett.",
      volume         = "116",
      year           = "2016",
      number         = "10",
      pages          = "101801",
      doi            = "10.1103/PhysRevLett.116.101801",
      eprint         = "1512.05314",
      archivePrefix  = "arXiv",
      primaryClass   = "hep-ex",
      reportNumber   = "CERN-PH-EP-2015-318",
      SLACcitation   = "%%CITATION = ARXIV:1512.05314;%%"
}

@article{muon_bsm,
      author         = "The ATLAS Collaboration",
      title          = "{Search for new particles in events with one lepton and
                        missing transverse momentum in $pp$ collisions at
                        $\sqrt{s}$ = 8 TeV with the ATLAS detector}",
      collaboration  = "ATLAS",
      journal        = "JHEP",
      volume         = "09",
      year           = "2014",
      pages          = "037",
      doi            = "10.1007/JHEP09(2014)037",
      eprint         = "1407.7494",
      archivePrefix  = "arXiv",
      primaryClass   = "hep-ex",
      reportNumber   = "CERN-PH-EP-2014-139",
      SLACcitation   = "%%CITATION = ARXIV:1407.7494;%%"
}

@article{muons_run2,
      author         = "The ATLAS Collaboration",
      title          = "{Muon reconstruction performance of the ATLAS detector in
                        protonâproton collision data at $\sqrt{s}$ =13 TeV}",
      collaboration  = "ATLAS",
      journal        = "Eur. Phys. J.",
      volume         = "C76",
      year           = "2016",
      number         = "5",
      pages          = "292",
      doi            = "10.1140/epjc/s10052-016-4120-y",
      eprint         = "1603.05598",
      archivePrefix  = "arXiv",
      primaryClass   = "hep-ex",
      reportNumber   = "CERN-EP-2016-033",
      SLACcitation   = "%%CITATION = ARXIV:1603.05598;%%"
}

@article{jet_algs,
	doi = {10.1088/1742-6596/645/1/012008},
	url = {https://doi.org/10.1088%2F1742-6596%2F645%2F1%2F012008},
	year = 2015,
	month = {oct},
	publisher = {{IOP} Publishing},
	volume = {645},
	pages = {012008},
	author = {Ryan Atkin},
	title = {Review of jet reconstruction algorithms},
	journal = {Journal of Physics: Conference Series}
}

@article{jet_et_paper,
      author         = "The ATLAS Collaboration",
      title          = "{ATLAS jet and missing-ET reconstruction, calibration,
                        and performance}",
      booktitle      = "{Proceedings, 37th International Conference on High
                        Energy Physics (ICHEP 2014): Valencia, Spain, July 2-9,
                        2014}",
      collaboration  = "ATLAS",
      journal        = "Nucl. Part. Phys. Proc.",
      volume         = "273-275",
      year           = "2016",
      pages          = "1121-1126",
      doi            = "10.1016/j.nuclphysbps.2015.09.176",
      SLACcitation   = "%%CITATION = INSPIRE-1467765;%%"
}

@article{w_top_tagging,
      author         = "The ATLAS Collaboration",
      title          = "{Performance of top-quark and $W$-boson tagging with
                        ATLAS in Run 2 of the LHC}",
      collaboration  = "ATLAS",
      year           = "2018",
      eprint         = "1808.07858",
      archivePrefix  = "arXiv",
      primaryClass   = "hep-ex",
      reportNumber   = "CERN-EP-2018-192",
      SLACcitation   = "%%CITATION = ARXIV:1808.07858;%%"
}

@article{b_tagging,
      author         = "The ATLAS Collaboration",
      title          = "{Performance of $b$-Jet Identification in the ATLAS
                        Experiment}",
      collaboration  = "ATLAS",
      journal        = "JINST",
      volume         = "11",
      year           = "2016",
      number         = "04",
      pages          = "P04008",
      doi            = "10.1088/1748-0221/11/04/P04008",
      eprint         = "1512.01094",
      archivePrefix  = "arXiv",
      primaryClass   = "hep-ex",
      reportNumber   = "CERN-PH-EP-2015-216",
      SLACcitation   = "%%CITATION = ARXIV:1512.01094;%%"
}

@article{met_run2,
      author         = "The ATLAS Collaboration",
      title          = "{Performance of missing transverse momentum
                        reconstruction with the ATLAS detector using proton-proton
                        collisions at $\sqrt{s}$ = 13 TeV}",
      collaboration  = "ATLAS",
      journal        = "Eur. Phys. J.",
      volume         = "C78",
      year           = "2018",
      number         = "11",
      pages          = "903",
      doi            = "10.1140/epjc/s10052-018-6288-9",
      eprint         = "1802.08168",
      archivePrefix  = "arXiv",
      primaryClass   = "hep-ex",
      reportNumber   = "CERN-EP-2017-274",
      SLACcitation   = "%%CITATION = ARXIV:1802.08168;%%"
}

@techreport{taus_run2,
      title         = "{Measurement of the tau lepton reconstruction and
                       identification performance in the ATLAS experiment using
                       $pp$ collisions at $\sqrt{s}=13~{\rm TeV}$}",
      institution   = "CERN",
      collaboration = "ATLAS Collaboration",
      address       = "Geneva",
      number        = "ATLAS-CONF-2017-029",
      month         = "May",
      year          = "2017",
      reportNumber  = "ATLAS-CONF-2017-029",
      url           = "https://cds.cern.ch/record/2261772",
}

@article{tau_particle_flow,
author="The Atlas Collaboration",
title="Reconstruction of hadronic decay products of tau leptons with the ATLAS experiment",
journal="The European Physical Journal C",
year="2016",
month="May",
day="25",
volume="76",
number="5",
pages="295"
}

@techreport{tau_id,
      title         = "{Reconstruction, Energy Calibration, and Identification of
                       Hadronically Decaying Tau Leptons in the ATLAS Experiment
                       for Run-2 of the LHC}",
      institution   = "CERN",
      address       = "Geneva",
      number        = "ATL-PHYS-PUB-2015-045",
      month         = "Nov",
      year          = "2015",
      reportNumber  = "ATL-PHYS-PUB-2015-045",
      url           = "https://cds.cern.ch/record/2064383",
}

%% CHAPTER 4
@proceedings{nips_2012,
 editor = {Pereira, F. and Burges, C. J. C. and Bottou, L. and Weinberger, K. Q.},
 title = {NIPS'12: Proceedings of the 25th International Conference on Neural Information Processing Systems - Volume 1},
 year = {2012},
 location = {Lake Tahoe, Nevada},
 publisher = {Curran Associates Inc.},
 address = {USA},
}

@Inbook{medical_img,
author="Razzak, Muhammad Imran
and Naz, Saeeda
and Zaib, Ahmad",
editor="Dey, Nilanjan
and Ashour, Amira S.
and Borra, Surekha",
title="Deep Learning for Medical Image Processing: Overview, Challenges and the Future",
bookTitle="Classification in BioApps: Automation of Decision Making",
year="2018",
publisher="Springer International Publishing",
address="Cham",
pages="323--350",
isbn="978-3-319-65981-7",
doi="10.1007/978-3-319-65981-7_12",
url="https://doi.org/10.1007/978-3-319-65981-7_12"
}

@article{img_cap,
  author    = {Oriol Vinyals and
               Alexander Toshev and
               Samy Bengio and
               Dumitru Erhan},
  title     = {Show and Tell: {A} Neural Image Caption Generator},
  journal   = {CoRR},
  volume    = {abs/1411.4555},
  year      = {2014},
  url       = {http://arxiv.org/abs/1411.4555},
  archivePrefix = {arXiv},
  eprint    = {1411.4555},
  timestamp = {Mon, 13 Aug 2018 16:47:52 +0200},
  biburl    = {https://dblp.org/rec/bib/journals/corr/VinyalsTBE14},
  bibsource = {dblp computer science bibliography, https://dblp.org}
}

@article{nlp1,
  author    = {Karl Moritz Hermann and
               Tom{\'{a}}s Kocisk{\'{y}} and
               Edward Grefenstette and
               Lasse Espeholt and
               Will Kay and
               Mustafa Suleyman and
               Phil Blunsom},
  title     = {Teaching Machines to Read and Comprehend},
  journal   = {CoRR},
  volume    = {abs/1506.03340},
  year      = {2015},
  url       = {http://arxiv.org/abs/1506.03340},
  archivePrefix = {arXiv},
  eprint    = {1506.03340},
  timestamp = {Mon, 13 Aug 2018 16:49:00 +0200},
  biburl    = {https://dblp.org/rec/bib/journals/corr/HermannKGEKSB15},
  bibsource = {dblp computer science bibliography, https://dblp.org}
}

@misc{nlp2,
    title={Efficient Estimation of Word Representations in Vector Space},
    author={Tomas Mikolov and Kai Chen and Greg Corrado and Jeffrey Dean},
    year={2013},
    eprint={1301.3781},
    archivePrefix={arXiv},
    primaryClass={cs.CL}
}

@inproceedings{resource_dist,
 author = {Mao, Hongzi and Alizadeh, Mohammad and Menache, Ishai and Kandula, Srikanth},
 title = {Resource Management with Deep Reinforcement Learning},
 booktitle = {Proceedings of the 15th ACM Workshop on Hot Topics in Networks},
 series = {HotNets '16},
 year = {2016},
 isbn = {978-1-4503-4661-0},
 location = {Atlanta, GA, USA},
 pages = {50--56},
 numpages = {7},
 url = {http://doi.acm.org/10.1145/3005745.3005750},
 doi = {10.1145/3005745.3005750},
 acmid = {3005750},
 publisher = {ACM},
 address = {New York, NY, USA},
} 

@ARTICLE{security1, 
author={Y. {Xin} and L. {Kong} and Z. {Liu} and Y. {Chen} and Y. {Li} and H. {Zhu} and M. {Gao} and H. {Hou} and C. {Wang}}, 
journal={IEEE Access}, 
title={Machine Learning and Deep Learning Methods for Cybersecurity}, 
year={2018}, 
volume={6}, 
number={}, 
pages={35365-35381}, 
keywords={Internet;learning (artificial intelligence);security of data;cyber security situation;cyber-attacks;machine learning;ML/DL;thermal correlation;temporal correlation;intrusion detection;network analysis;deep learning;Machine learning;Intrusion detection;Feature extraction;Machine learning algorithms;Computer security;Cybersecurity;intrusion detection;deep learning;machine learning}, 
doi={10.1109/ACCESS.2018.2836950}, 
ISSN={2169-3536}, 
month={},}

@inproceedings{personalization,
title	= {Deep Neural Networks for YouTube Recommendations},
author	= {Paul Covington and Jay Adams and Emre Sargin},
year	= {2016},
booktitle	= {Proceedings of the 10th ACM Conference on Recommender Systems},
address	= {New York, NY, USA}
}

@article{confusion_matrix,
title = "An improved method to construct basic probability assignment based on the confusion matrix for classification problem",
journal = "Information Sciences",
volume = "340-341",
pages = "250 - 261",
year = "2016",
issn = "0020-0255",
doi = "https://doi.org/10.1016/j.ins.2016.01.033",
url = "http://www.sciencedirect.com/science/article/pii/S002002551600044X",
author = "Xinyang Deng and Qi Liu and Yong Deng and Sankaran Mahadevan",
}

@article{cross-val,
author = {Kohavi, Ron},
year = {2001},
month = {03},
pages = {},
title = {A Study of Cross-Validation and Bootstrap for Accuracy Estimation and Model Selection},
volume = {14}
}

@article{regularization,
  author    = {Jan Kukacka and
               Vladimir Golkov and
               Daniel Cremers},
  title     = {Regularization for Deep Learning: {A} Taxonomy},
  journal   = {CoRR},
  volume    = {abs/1710.10686},
  year      = {2017},
  url       = {http://arxiv.org/abs/1710.10686},
  archivePrefix = {arXiv},
  eprint    = {1710.10686},
  timestamp = {Mon, 13 Aug 2018 16:47:12 +0200},
  biburl    = {https://dblp.org/rec/bib/journals/corr/abs-1710-10686},
  bibsource = {dblp computer science bibliography, https://dblp.org}
}

@inproceedings{bdt_paper,
author = {Drucker, Harris and Cortes, Corinna},
year = {1995},
month = {01},
pages = {479-485},
title = {Boosting Decision Trees.},
volume = {8},
journal = {Advances in Neural Information Processing Systems}
}

@article{bdt_figure,
author = {Shoaran, Mahsa and Allahgholizadeh Haghi, Benyamin and Taghavi, Milad and Farivar, Masoud and Emami, Azita},
year = {2018},
month = {06},
pages = {1-1},
title = {Energy-Efficient Classification for Resource-Constrained Biomedical Applications},
volume = {PP},
journal = {IEEE Journal on Emerging and Selected Topics in Circuits and Systems},
doi = {10.1109/JETCAS.2018.2844733}
}

@article{gradient_boosting,
 author = {Friedman, Jerome H.},
 title = {Stochastic Gradient Boosting},
 journal = {Comput. Stat. Data Anal.},
 issue_date = {28 February 2002},
 volume = {38},
 number = {4},
 month = feb,
 year = {2002},
 issn = {0167-9473},
 pages = {367--378},
 numpages = {12},
 url = {http://dx.doi.org/10.1016/S0167-9473(01)00065-2},
 doi = {10.1016/S0167-9473(01)00065-2},
 acmid = {635941},
 publisher = {Elsevier Science Publishers B. V.},
 address = {Amsterdam, The Netherlands, The Netherlands},
} 

@article{nn_paper,
title = "Artificial neural networks: fundamentals, computing, design, and application",
journal = "Journal of Microbiological Methods",
volume = "43",
number = "1",
pages = "3 - 31",
year = "2000",
note = "Neural Computting in Micrbiology",
issn = "0167-7012",
doi = "https://doi.org/10.1016/S0167-7012(00)00201-3",
url = "http://www.sciencedirect.com/science/article/pii/S0167701200002013",
author = "I.A Basheer and M Hajmeer",
}

@book{backprop,
  title={Beyond Regression: New Tools for Prediction and Analysis in the Behavioral Sciences},
  author={Werbos, P.J.},
  url={https://books.google.com/books?id=z81XmgEACAAJ},
  year={1975},
  publisher={Harvard University}
}

@incollection{cnn_paper,
title = {ImageNet Classification with Deep Convolutional Neural Networks},
author = {Alex Krizhevsky and Sutskever, Ilya and Hinton, Geoffrey E},
booktitle = {Advances in Neural Information Processing Systems 25},
editor = {F. Pereira and C. J. C. Burges and L. Bottou and K. Q. Weinberger},
pages = {1097--1105},
year = {2012},
publisher = {Curran Associates, Inc.},
url = {http://papers.nips.cc/paper/4824-imagenet-classification-with-deep-convolutional-neural-networks.pdf}
}

@article{vanishing_gradient,
author = {Hochreiter, Sepp},
title = {The Vanishing Gradient Problem During Learning Recurrent Neural Nets  and Problem Solutions},
journal = {International Journal of Uncertainty, Fuzziness and Knowledge-Based Systems},
volume = {06},
number = {02},
pages = {107-116},
year = {1998},
doi = {10.1142/S0218488598000094},
URL = { 
        https://doi.org/10.1142/S0218488598000094},
eprint = { 
        https://doi.org/10.1142/S0218488598000094}
}

@article {autoencoders,
	author = {Hinton, G. E. and Salakhutdinov, R. R.},
	title = {Reducing the Dimensionality of Data with Neural Networks},
	volume = {313},
	number = {5786},
	pages = {504--507},
	year = {2006},
	doi = {10.1126/science.1127647},
	publisher = {American Association for the Advancement of Science},
	issn = {0036-8075},
	URL = {https://science.sciencemag.org/content/313/5786/504},
	eprint = {https://science.sciencemag.org/content/313/5786/504.full.pdf},
	journal = {Science}
}

@misc{cnn_blog,
title = "The Ultimate Guide to Convolutional Neural Networks",
author = "The Super Data Science Team",
howpublished={\url{https://www.superdatascience.com/blogs/the-ultimate-guide-to-convolutional-neural-networks-cnn}},
}

@incollection{rnn_paper,
 author = {Rumelhart, David E. and Hinton, Geoffrey E. and Williams, Ronald J.},
 chapter = {Learning Representations by Back-propagating Errors},
 title = {Neurocomputing: Foundations of Research},
 editor = {Anderson, James A. and Rosenfeld, Edward},
 year = {1988},
 isbn = {0-262-01097-6},
 pages = {696--699},
 numpages = {4},
 url = {http://dl.acm.org/citation.cfm?id=65669.104451},
 acmid = {104451},
 publisher = {MIT Press},
 address = {Cambridge, MA, USA},
} 

@article{pivot_paper,
      author         = "Louppe, Gilles and Kagan, Michael and Cranmer, Kyle",
      title          = "{Learning to Pivot with Adversarial Networks}",
      year           = "2016",
      eprint         = "1611.01046",
      archivePrefix  = "arXiv",
      primaryClass   = "stat.ME",
      SLACcitation   = "%%CITATION = ARXIV:1611.01046;%%"
}

@article{dan_paper,
      author         = "Guest, Dan and Cranmer, Kyle and Whiteson, Daniel",
      title          = "{Deep Learning and its Application to LHC Physics}",
      journal        = "Ann. Rev. Nucl. Part. Sci.",
      volume         = "68",
      year           = "2018",
      pages          = "161-181",
      doi            = "10.1146/annurev-nucl-101917-021019",
      eprint         = "1806.11484",
      archivePrefix  = "arXiv",
      primaryClass   = "hep-ex",
      SLACcitation   = "%%CITATION = ARXIV:1806.11484;%%"
}

@article{ml_whitepaper,
      author         = "Albertsson, Kim and others",
      title          = "{Machine Learning in High Energy Physics Community White
                        Paper}",
      booktitle      = "{Proceedings, 18th International Workshop on Advanced
                        Computing and Analysis Techniques in Physics Research
                        (ACAT 2017): Seattle, WA, USA, August 21-25, 2017}",
      journal        = "J. Phys. Conf. Ser.",
      volume         = "1085",
      year           = "2018",
      number         = "2",
      pages          = "022008",
      doi            = "10.1088/1742-6596/1085/2/022008",
      eprint         = "1807.02876",
      archivePrefix  = "arXiv",
      primaryClass   = "physics.comp-ph",
      reportNumber   = "FERMILAB-PUB-18-318-CD-DI-PPD",
      SLACcitation   = "%%CITATION = ARXIV:1807.02876;%%"
}

@misc{hepml_site,
    title="HEP ML Resources",
    author= "Feikert, M and others",
    howpublished={\urs{https://github.com/iml-wg/HEP-ML-Resources}},
}

@techreport{w_top_bdt_paper,
      title         = "{Identification of Hadronically-Decaying W Bosons and Top
                       Quarks Using High-Level Features as Input to Boosted
                       Decision Trees and Deep Neural Networks in ATLAS at
                       $\sqrt{s}$ = 13 TeV}",
      institution   = "CERN",
      collaboration = "ATLAS Collaboration",
      address       = "Geneva",
      number        = "ATL-PHYS-PUB-2017-004",
      month         = "Apr",
      year          = "2017",
      reportNumber  = "ATL-PHYS-PUB-2017-004",
      url           = "https://cds.cern.ch/record/2259646",
}

@article{ben_jet_paper,
      author         = "Larkoski, Andrew J. and Moult, Ian and Nachman, Benjamin",
      title          = "{Jet Substructure at the Large Hadron Collider: A Review
                        of Recent Advances in Theory and Machine Learning}",
      year           = "2017",
      eprint         = "1709.04464",
      archivePrefix  = "arXiv",
      primaryClass   = "hep-ph",
      SLACcitation   = "%%CITATION = ARXIV:1709.04464;%%"
}

@article{track_nn,
      author         = "Aaboud, M. and others",
      title          = "{Performance of the ATLAS Track Reconstruction Algorithms
                        in Dense Environments in LHC Run 2}",
      collaboration  = "ATLAS",
      journal        = "Eur. Phys. J.",
      volume         = "C77",
      year           = "2017",
      number         = "10",
      pages          = "673",
      doi            = "10.1140/epjc/s10052-017-5225-7",
      eprint         = "1704.07983",
      archivePrefix  = "arXiv",
      primaryClass   = "hep-ex",
      reportNumber   = "CERN-EP-2017-045",
      SLACcitation   = "%%CITATION = ARXIV:1704.07983;%%"
}

@article{track_kaggle,
      author        = "Rousseau, David",
      title         = "{TrackML : The High Energy Physics Tracking Challenge.
                       TrackML : The High Energy Physics Tracking Challenge}",
      month         = "Mar",
      year          = "2018",
      url           = "https://cds.cern.ch/record/2307489",
}

@article{bdt_reweight,
      author         = "Rogozhnikov, A.",
      title          = "{Reweighting with Boosted Decision Trees}",
      booktitle      = "{Proceedings, 17th International Workshop on Advanced
                        Computing and Analysis Techniques in Physics Research
                        (ACAT 2016): Valparaiso, Chile, January 18-22, 2016}",
      journal        = "J. Phys. Conf. Ser.",
      volume         = "762",
      year           = "2016",
      number         = "1",
      pages          = "012036",
      doi            = "10.1088/1742-6596/762/1/012036",
      eprint         = "1608.05806",
      archivePrefix  = "arXiv",
      primaryClass   = "physics.data-an",
      SLACcitation   = "%%CITATION = ARXIV:1608.05806;%%"
}


@techreport{bdt_calibration,
      author        = "Morgenstern, Stefanie",
      title         = "{Electron and photon energy measurement calibration with
                       the ATLAS detector}",
      institution   = "CERN",
      collaboration = "ATLAS Collaboration",
      address       = "Geneva",
      number        = "ATL-PHYS-PROC-2018-138",
      month         = "Oct",
      year          = "2018",
      reportNumber  = "ATL-PHYS-PROC-2018-138",
      url           = "http://cds.cern.ch/record/2644638",
}

@Article{jetimages1,
author="Cogan, Josh
and Kagan, Michael
and Strauss, Emanuel
and Schwarztman, Ariel",
title="Jet-images: computer vision inspired techniques for jet tagging",
journal="Journal of High Energy Physics",
year="2015",
month="Feb",
day="18",
volume="2015",
number="2",
pages="118",
issn="1029-8479",
doi="10.1007/JHEP02(2015)118",
url="https://doi.org/10.1007/JHEP02(2015)118"
}

@article{wqcd_jetimages,
      author         = "de Oliveira, Luke and Kagan, Michael and Mackey, Lester
                        and Nachman, Benjamin and Schwartzman, Ariel",
      title          = "{Jet-images â deep learning edition}",
      journal        = "JHEP",
      volume         = "07",
      year           = "2016",
      pages          = "069",
      doi            = "10.1007/JHEP07(2016)069",
      eprint         = "1511.05190",
      archivePrefix  = "arXiv",
      primaryClass   = "hep-ph",
      SLACcitation   = "%%CITATION = ARXIV:1511.05190;%%"
}

@article{top_rnn,
      author         = "Egan, Shannon and Fedorko, Wojciech and Lister, Alison
                        and Pearkes, Jannicke and Gay, Colin",
      title          = "{Long Short-Term Memory (LSTM) networks with jet
                        constituents for boosted top tagging at the LHC}",
      year           = "2017",
      eprint         = "1711.09059",
      archivePrefix  = "arXiv",
      primaryClass   = "hep-ex",
      SLACcitation   = "%%CITATION = ARXIV:1711.09059;%%"
}

@techreport{rnn_bottom,
      title         = "{Identification of Jets Containing $b$-Hadrons with
                       Recurrent Neural Networks at the ATLAS Experiment}",
      institution   = "CERN",
      collaboration = "ATLAS Collaboration",
      address       = "Geneva",
      number        = "ATL-PHYS-PUB-2017-003",
      month         = "Mar",
      year          = "2017",
      reportNumber  = "ATL-PHYS-PUB-2017-003",
      url           = "https://cds.cern.ch/record/2255226",
}

@misc{tau_rnn,
title = "Tau Trigger Plots for LHCP 2019",
author="The ATLAS Collaboration",
howpublished={\url{https://twiki.cern.ch/twiki/bin/view/AtlasPublic/TauTriggerPublicResults#Plots_for_LHCP_2019}},
}

@article{qcd_clustering,
      author         = "Louppe, Gilles and Cho, Kyunghyun and Becot, Cyril and
                        Cranmer, Kyle",
      title          = "{QCD-Aware Recursive Neural Networks for Jet Physics}",
      journal        = "JHEP",
      volume         = "01",
      year           = "2019",
      pages          = "057",
      doi            = "10.1007/JHEP01(2019)057",
      eprint         = "1702.00748",
      archivePrefix  = "arXiv",
      primaryClass   = "hep-ph",
      SLACcitation   = "%%CITATION = ARXIV:1702.00748;%%"
}

@article{zzd_paper,
  title = "Search for new light gauge bosons in Higgs boson decays to four-lepton final states in $pp$ collisions at $\sqrt{s}=8 \mathrm{TeV}$ with the ATLAS detector at the LHC",
  author = {The ATLAS Collaboration},
  journal = {Phys. Rev. D},
  volume = {92},
  issue = {9},
  pages = {092001},
  numpages = {30},
  year = {2015},
  month = {Nov},
  publisher = {American Physical Society},
  doi = {10.1103/PhysRevD.92.092001},
  url = {https://link.aps.org/doi/10.1103/PhysRevD.92.092001}
}

@article{dark_photon_paper,
      author         = "Biswas, Sanjoy and Gabrielli, Emidio and Heikinheimo,
                        Matti and Mele, Barbara",
      title          = "{Dark-Photon searches via Higgs-boson production at the
                        LHC}",
      journal        = "Phys. Rev.",
      volume         = "D93",
      year           = "2016",
      number         = "9",
      pages          = "093011",
      doi            = "10.1103/PhysRevD.93.093011",
      eprint         = "1603.01377",
      archivePrefix  = "arXiv",
      primaryClass   = "hep-ph",
      reportNumber   = "HIP-2016-07-TH",
      SLACcitation   = "%%CITATION = ARXIV:1603.01377;%%"
}

@article{nn_exotic_particles,
      author         = "Baldi, Pierre and Sadowski, Peter and Whiteson, Daniel",
      title          = "{Searching for Exotic Particles in High-Energy Physics
                        with Deep Learning}",
      journal        = "Nature Commun.",
      volume         = "5",
      year           = "2014",
      pages          = "4308",
      doi            = "10.1038/ncomms5308",
      eprint         = "1402.4735",
      archivePrefix  = "arXiv",
      primaryClass   = "hep-ph",
      SLACcitation   = "%%CITATION = ARXIV:1402.4735;%%"
}

@article{jet_gan,
      author         = "de Oliveira, Luke and Paganini, Michela and Nachman,
                        Benjamin",
      title          = "{Learning Particle Physics by Example: Location-Aware
                        Generative Adversarial Networks for Physics Synthesis}",
      journal        = "Comput. Softw. Big Sci.",
      volume         = "1",
      year           = "2017",
      number         = "1",
      pages          = "4",
      doi            = "10.1007/s41781-017-0004-6",
      eprint         = "1701.05927",
      archivePrefix  = "arXiv",
      primaryClass   = "stat.ML",
      SLACcitation   = "%%CITATION = ARXIV:1701.05927;%%"
}

@article{em_gan,
      author         = "Paganini, Michela and de Oliveira, Luke and Nachman,
                        Benjamin",
      title          = "{Accelerating Science with Generative Adversarial
                        Networks: An Application to 3D Particle Showers in
                        Multilayer Calorimeters}",
      journal        = "Phys. Rev. Lett.",
      volume         = "120",
      year           = "2018",
      number         = "4",
      pages          = "042003",
      doi            = "10.1103/PhysRevLett.120.042003",
      eprint         = "1705.02355",
      archivePrefix  = "arXiv",
      primaryClass   = "hep-ex",
      SLACcitation   = "%%CITATION = ARXIV:1705.02355;%%"
}

@article{jet_decorr,
      author         = "Shimmin, Chase and Sadowski, Peter and Baldi, Pierre and
                        Weik, Edison and Whiteson, Daniel and Goul, Edward and
                        SÃ¸gaard, Andreas",
      title          = "{Decorrelated Jet Substructure Tagging using Adversarial
                        Neural Networks}",
      journal        = "Phys. Rev.",
      volume         = "D96",
      year           = "2017",
      number         = "7",
      pages          = "074034",
      doi            = "10.1103/PhysRevD.96.074034",
      eprint         = "1703.03507",
      archivePrefix  = "arXiv",
      primaryClass   = "hep-ex",
      SLACcitation   = "%%CITATION = ARXIV:1703.03507;%%"
}

%% CHAPTER 5
@article{lh_paper,
    author = "J. Alison and K. Brendlinger and S. Heim and J. Kroll and C. M. Lester",
    title = "Description and Performance of the Electron Likelihood Tool at ATLAS using 2012 LHC Data",
    howpublished={\url{ https://cds.cern.ch/record/1537410/files/ATL-COM-PHYS-2013-378}},
    }
@techreport{soft_lep_susy,
      author        = "Maurer, Julien",
      title         = "{Search for compressed SUSY scenarios with the ATLAS
                       detector}",
      institution   = "CERN",
      collaboration = "ATLAS Collaboration",
      address       = "Geneva",
      number        = "ATL-PHYS-PROC-2017-174",
      month         = "Sep",
      year          = "2017",
      reportNumber  = "ATL-PHYS-PROC-2017-174",
      url           = "https://cds.cern.ch/record/2286394",
}

@article{dm_photon,
      author         = "ATLAS Collaboration",
      title          = "{Search for dark matter at $\sqrt{s}=13$ TeV in final
                        states containing an energetic photon and large missing
                        transverse momentum with the ATLAS detector}",
      collaboration  = "ATLAS",
      journal        = "Eur. Phys. J.",
      volume         = "C77",
      year           = "2017",
      number         = "6",
      pages          = "393",
      doi            = "10.1140/epjc/s10052-017-4965-8",
      eprint         = "1704.03848",
      archivePrefix  = "arXiv",
      primaryClass   = "hep-ex",
      reportNumber   = "CERN-EP-2017-044",
}

@article{dm_jet,
      author         = "ATLAS Collaboration",
      title          = "{Search for dark matter and other new phenomena in events with an energetic jet and large missing transverse
                        momentum using the ATLAS detector}",
      journal        = "JHEP",
      volume         = "01",
      year           = "2018",
      pages          = "126",
      doi            = "10.1007/JHEP01(2018)126",
      eprint         = "1711.03301",
      archivePrefix  = "arXiv",
      primaryClass   = "hep-ex",
      reportNumber   = "CERN-EP-2017-230",
}

@article{h_4l,
      author         = "ATLAS Collaboration",
      title          = "{Measurement of inclusive and differential cross sections
                        in the $H \rightarrow ZZ^* \rightarrow 4\ell$ decay
                        channel in $pp$ collisions at $\sqrt{s}=13$ TeV with the
                        ATLAS detector}",
      collaboration  = "ATLAS",
      journal        = "JHEP",
      volume         = "10",
      year           = "2017",
      pages          = "132",
      doi            = "10.1007/JHEP10(2017)132",
      eprint         = "1708.02810",
      archivePrefix  = "arXiv",
      primaryClass   = "hep-ex",
      reportNumber   = "CERN-EP-2017-139",
      SLACcitation   = "%%CITATION = ARXIV:1708.02810;%%"
}

@article{run2_elec_paper,
      author         = "ATLAS Collaboration",
      title          = "{Electron reconstruction and identification in the ATLAS
                        experiment using the 2015 and 2016 LHC proton-proton
                        collision data at $\sqrt{s}$ = 13 TeV}",
      journal        = "Submitted to: Eur. Phys. J.",
      year           = "2019",
      eprint         = "1902.04655",
      archivePrefix  = "arXiv",
      primaryClass   = "physics.ins-det",
      reportNumber   = "CERN-EP-2018-273",

}

@article{run1_elec_paper,
      author         = "ATLAS Collaboration",
      title          = "{Electron efficiency measurements with the ATLAS detector using 2012 LHC protonâproton collision data}",
      collaboration  = "ATLAS",
      journal        = "Eur. Phys. J.",
      volume         = "C77",
      year           = "2017",
      number         = "3",
      pages          = "195",
      doi            = "10.1140/epjc/s10052-017-4756-2",
      eprint         = "1612.01456",
      archivePrefix  = "arXiv",
      primaryClass   = "hep-ex",
      reportNumber   = "CERN-EP-2016-262",
      SLACcitation   = "%%CITATION = ARXIV:1612.01456;%%"
}

@techreport{id_note,
      author        = "Anastopoulos, Christos et al",
      title         = "{Support Note for Electron ID: electron reconstruction and
                       identification}",
      institution   = "CERN",
      address       = "Geneva",
      number        = "ATL-COM-PHYS-2017-1012",
      month         = "Jul",
      year          = "2017",
      reportNumber  = "ATL-COM-PHYS-2017-1012",
      url           = "https://cds.cern.ch/record/2273328",
}

@article{2015_eff_paper,
      author         = "The ATLAS collaboration",
      title          = "{Electron efficiency measurements with the ATLAS detector
                        using the 2015 LHC proton-proton collision data}",
      collaboration  = "ATLAS",
      year           = "2016",
      reportNumber   = "ATLAS-CONF-2016-024",
      SLACcitation   = "%%CITATION = ATLAS-CONF-2016-024;%%"
}

@article{2015_trig_paper,
      author         = "The ATLAS Collaboration",
      title          = "{Performance of the ATLAS Trigger System in 2015}",
      collaboration  = "ATLAS",
      journal        = "Eur. Phys. J.",
      volume         = "C77",
      year           = "2017",
      number         = "5",
      pages          = "317",
      doi            = "10.1140/epjc/s10052-017-4852-3",
      eprint         = "1611.09661",
      archivePrefix  = "arXiv",
      primaryClass   = "hep-ex",
      reportNumber   = "CERN-EP-2016-241",
      SLACcitation   = "%%CITATION = ARXIV:1611.09661;%%"
}

@misc{eff_plots,
    author = "The ATLAS Collaboration",
    title = "Electron efficiency measurements in 2017 data and electron identification discriminating variables from 2016 data",
    howpublished={\url{ https://atlas.web.cern.ch/Atlas/GROUPS/PHYSICS/PLOTS/EGAM-2018-002/index.html}},
    }
    
@misc{tmva,
    author = "K. Albertson and others",
    title = "TMVA 4: Toolkit for Multivariate Analysis",
    howpublished={\url{root.cern/tmva}},
    }

@misc{keras,
  author = {Keras Team},
  title = {Keras},
  year = {2013},
  publisher = {GitHub},
  journal = {GitHub repository},
  howpublished = {\url{https://github.com/charlespwd/project-title}},
  commit = {4f57d6a0e4c030202a07a60bc1bb1ed1544bf679}
}

@misc{tensorflow,
title={{TensorFlow}: Large-Scale Machine Learning on Heterogeneous Systems},
url={http://tensorflow.org/},
note={Software available from tensorflow.org},
author={
    Mart\'{\i}n~Abadi and others},
  year={2015},
}
    
%% CHAPTER 6
@techreport{higgs_comb_paper,
      title         = "{Combined measurements of Higgs boson production and decay using up to $80$ fb$^{-1}$ of proton--proton collision data at $\sqrt{s}=$ 13 TeV collected with the ATLAS experiment}",
      institution   = "CERN",
      collaboration = "ATLAS Collaboration",
      address       = "Geneva",
      number        = "ATLAS-CONF-2019-005",
      month         = "Mar",
      year          = "2019",
      reportNumber  = "ATLAS-CONF-2019-005",
      url           = "http://cds.cern.ch/record/2668375",
}

@techreport{vh_run1_note,
      author        = "The ATLAS Collaboration",
      title         = "{Search for the Standard Model Higgs boson produced in association with a vector boson and decaying to a tau pair with the ATLAS detector}",
      institution   = "CERN",
      address       = "Geneva",
      number        = "ATL-COM-PHYS-2014-487",
      month         = "May",
      year          = "2014",
      reportNumber  = "ATL-COM-PHYS-2014-487",
      url           = "https://cds.cern.ch/record/1702708",
}

@misc{tau_cp,
    author = "The ATLAS Collaboration",
    title = "Hadronic Tau Performance Public Results",
    howpublished={\url{https://twiki.cern.ch/twiki/bin/viewauth/AtlasPublic/TauPublicResults}},
}

@misc{muon_cp,
    author = "The ATLAS Collaboration",
    title = "Muon Performance Public Results",
    howpublished={\url{https://twiki.cern.ch/twiki/bin/view/AtlasPublic/MuonPublicResults}},
}

@misc{egam_cp,
    author = "The ATLAS Collaboration",
    title = "Electron Photon Performance Public Results",
    howpublished={\url{https://twiki.cern.ch/twiki/bin/view/AtlasPublic/ElectronGammaPublicCollisionResults}},
}

@misc{jet_met_cp,
    author = "The ATLAS Collaboration",
    title = "Jet and Missing Energy Performance Public Results",
    howpublished={\url{https://twiki.cern.ch/twiki/bin/view/AtlasPublic/JetEtmissPublicResults}},
}

@article{vh_run1_paper,
      author         = "The ATLAS Collaboration",
      title          = "{Search for the Standard Model Higgs boson produced in association with a vector boson and decaying into a tau
      pair in $pp$ collisions at $\sqrt{s} = 8$ TeV with the ATLAS detector}",
      collaboration  = "ATLAS",
      journal        = "Phys. Rev.",
      volume         = "D93",
      year           = "2016",
      number         = "9",
      pages          = "092005",
      doi            = "10.1103/PhysRevD.93.092005",
      eprint         = "1511.08352",
      archivePrefix  = "arXiv",
      primaryClass   = "hep-ex",
      reportNumber   = "CERN-PH-EP-2015-226",
      SLACcitation   = "%%CITATION = ARXIV:1511.08352;%%"
}

@article{lh_fit_method_paper,
      author         = "Cowan, Glen and Cranmer, Kyle and Gross, Eilam and
                        Vitells, Ofer",
      title          = "{Asymptotic formulae for likelihood-based tests of new
                        physics}",
      journal        = "Eur. Phys. J.",
      volume         = "C71",
      year           = "2011",
      pages          = "1554",
      doi            = "10.1140/epjc/s10052-011-1554-0,
                        10.1140/epjc/s10052-013-2501-z",
      note           = "[Erratum: Eur. Phys. J.C73,2501(2013)]",
      eprint         = "1007.1727",
      archivePrefix  = "arXiv",
      primaryClass   = "physics.data-an",
      SLACcitation   = "%%CITATION = ARXIV:1007.1727;%%"
}

@article{mmc,
      author         = "Elagin, A. and Murat, P. and Pranko, A. and Safonov, A.",
      title          = "{A New Mass Reconstruction Technique for Resonances Decaying to di-tau}",
      journal        = "Nucl. Instrum. Meth.",
      volume         = "A654",
      year           = "2011",
      pages          = "481-489",
      doi            = "10.1016/j.nima.2011.07.009",
      eprint         = "1012.4686",
      archivePrefix  = "arXiv",
      primaryClass   = "hep-ex",
      reportNumber   = "FERMILAB-PUB-11-918-PPD",
      SLACcitation   = "%%CITATION = ARXIV:1012.4686;%%"
}

@article{m2t,
      author         = "Barr, A. J. and Khoo, T. J. and Konar, P. and Kong, K.
                        and Lester, C. G. and Matchev, K. T. and Park, M.",
      title          = "{Guide to transverse projections and mass-constraining
                        variables}",
      journal        = "Phys. Rev.",
      volume         = "D84",
      year           = "2011",
      pages          = "095031",
      doi            = "10.1103/PhysRevD.84.095031",
      eprint         = "1105.2977",
      archivePrefix  = "arXiv",
      primaryClass   = "hep-ph",
      reportNumber   = "CAV-HEP-11-08",
      SLACcitation   = "%%CITATION = ARXIV:1105.2977;%%"
}

@article{htautau_run2,
      author         = "The ATLAS Collaboration",
      title          = "{Cross-section measurements of the Higgs boson decaying
                        into a pair of $\tau$-leptons in proton-proton collisions
                        at $\sqrt{s}=13$ TeV with the ATLAS detector}",
      collaboration  = "ATLAS",
      journal        = "Phys. Rev.",
      volume         = "D99",
      year           = "2019",
      pages          = "072001",
      doi            = "10.1103/PhysRevD.99.072001",
      eprint         = "1811.08856",
      archivePrefix  = "arXiv",
      primaryClass   = "hep-ex",
      reportNumber   = "CERN-EP-2018-232",
      SLACcitation   = "%%CITATION = ARXIV:1811.08856;%%"
}

@article{vh_hww_run2,
      author         = "The ATLAS Collaboration",
      title          = "{Measurement of the production cross section for a Higgs
                        boson in association with a vector boson in the $H
                        \rightarrow WW^{\ast} \rightarrow \ell\nu\ell\nu$ channel
                        in $pp$ collisions at $\sqrt{s}$ = 13 TeV with the ATLAS
                        detector}",
      collaboration  = "ATLAS",
      year           = "2019",
      eprint         = "1903.10052",
      archivePrefix  = "arXiv",
      primaryClass   = "hep-ex",
      reportNumber   = "CERN-EP-2019-038",
      SLACcitation   = "%%CITATION = ARXIV:1903.10052;%%"
}

%CHAPTER 7
@techreport{datadriven_bkg,
      author        = "Rozen, Y",
      title         = "{Data-driven background estimation in ATLAS}",
      institution   = "CERN",
      address       = "Geneva",
      number        = "ATL-PHYS-PROC-2013-023",
      month         = "Jan",
      year          = "2013",
      reportNumber  = "ATL-PHYS-PROC-2013-023",
      url           = "https://cds.cern.ch/record/1510523",
}

@techreport{fake_tau_paper,
      author        = "Bahmani, Marzieh",
      title         = "{Data-driven estimation of fake Ï background in Higgs
                       searches in ATLAS}",
      institution   = "CERN",
      collaboration = "ATLAS Collaboration",
      address       = "Geneva",
      number        = "ATL-PHYS-PROC-2019-006",
      month         = "Jan",
      year          = "2019",
      reportNumber  = "ATL-PHYS-PROC-2019-006",
      url           = "https://cds.cern.ch/record/2653533",
}

@article{run2_htautau,
      author         = "The ATLAS Collaboration",
      title          = "{Cross-section measurements of the Higgs boson decaying
                        into a pair of $\tau$-leptons in proton-proton collisions
                        at $\sqrt{s}=13$ TeV with the ATLAS detector}",
      collaboration  = "ATLAS",
      journal        = "Phys. Rev.",
      volume         = "D99",
      year           = "2019",
      pages          = "072001",
      doi            = "10.1103/PhysRevD.99.072001",
      eprint         = "1811.08856",
      archivePrefix  = "arXiv",
      primaryClass   = "hep-ex",
      reportNumber   = "CERN-EP-2018-232",
      SLACcitation   = "%%CITATION = ARXIV:1811.08856;%%"
}

%%% CHAPTER 8
@book{yellow_report,
      author        = "de Florian, D. and others",
      title         = "{Handbook of LHC Higgs Cross Sections: 4. Deciphering the
                       Nature of the Higgs Sector}",
      collaboration = "LHC Higgs Cross Section Working Group",
      series        = "CERN Yellow Reports: Monographs",
      month         = "Oct",
      year          = "2016",
      reportNumber  = "FERMILAB-FN-1025-T",
      url           = "http://cds.cern.ch/record/2227475",
      note          = "869 pages, 295 figures, 248 tables and 1645 citations.
                       Working Group web page:
                       https://twiki.cern.ch/twiki/bin/view/LHCPhysics/LHCHXSWG",
      doi           = "10.23731/CYRM-2017-002",
}

@article{cms_htautau,
      author         = "CMS Collaboration",
      title          = "{Measurement of Higgs boson production and decay to the
                        $\tau\tau$ final state}",
      collaboration  = "CMS",
      year           = "2019",
      reportNumber   = "CMS-PAS-HIG-18-032",
      SLACcitation   = "%%CITATION = CMS-PAS-HIG-18-032;%%"
}